@book{eiben2003introduction,
  title={Introduction to evolutionary computing},
  author={Eiben, Agoston E and Smith, James E},
  year={2003},
  publisher={springer}
}

@book{Han:2005:DMC:1076797,
 author = {Han, Jiawei},
 title = {Data Mining: Concepts and Techniques},
 year = {2005},
 isbn = {1558609016},
 publisher = {Morgan Kaufmann Publishers Inc.},
 address = {San Francisco, CA, USA},
} 

@book{heaton2008introduction,
  title={Introduction to neural networks with Java},
  author={Heaton, Jeff},
  year={2008},
  publisher={Heaton Research, Inc.},
  OPTurl = {http://www.heatonresearch.com/node/707}
}

@online{jeffheaton-bookcode,
title = {Source code from Jeff Heaton's books},
url = {https://code.google.com/p/jeffheaton-bookcode/}
}

@online{traingdm,
title = {Gradient descent with momentum backpropagation},
url = {http://www.mathworks.se/help/nnet/ref/traingdm.html}
}

@inproceedings{pepels2012enhancements,
  title={Enhancements for monte-carlo tree search in ms pac-man},
  author={Pepels, Tom and Winands, Mark HM},
  booktitle={Computational Intelligence and Games (CIG), 2012 IEEE Conference on},
  pages={265--272},
  year={2012},
  organization={IEEE}
}

@online{msPacManFramework,
title = {Ms Pac-Man vs Ghosts League framework},
url = {http://www.pacman-vs-ghosts.net/software}
}
